@article{grana2015image,
	title={Image understanding applications of lattice autoassociative memories},
	author={Grana, Manuel and Chyzhyk, Darya},
	journal={IEEE Transactions on Neural Networks and Learning Systems},
	volume={27},
	number={9},
	pages={1920--1932},
	year={2015},
	publisher={IEEE}
}

@article{peck2006statistics,
  title={Statistics: A guide to the unknown},
  author={Peck, Roxy},
  journal={(No Title)},
  year={2006}
}

@book{sinjab2021corneal,
  title={Corneal tomography in clinical practice (Pentacam system): Basics and clinical interpretation},
  author={Sinjab, Mazen M},
  year={2021},
  publisher={JP Medical Ltd}
}

@article{elkitkat2022accuracy,
  title={Accuracy of the indices of MS-39 anterior segment optical coherence tomography in the diagnosis of keratoconic corneas},
  author={Elkitkat, Rania S and Rifay, Yasser and Gharieb, Hesham M and Ziada, Hossam Eldin A},
  journal={European Journal of Ophthalmology},
  volume={32},
  number={4},
  pages={2116--2124},
  year={2022},
  publisher={SAGE Publications Sage UK: London, England}
}

@article{li2025enhancing,
  title={Enhancing early detection of keratoconus suspects using interocular corneal tomography asymmetry},
  author={Li, Shuangcheng and Huo, Yan and Xie, Ruisi and Han, Yimei and Zou, Haohan and Wang, Yan},
  journal={International Ophthalmology},
  volume={45},
  number={1},
  pages={55},
  year={2025},
  publisher={Springer}
}

@article{zhao2024evaluation,
  title={Evaluation of parameters for early detection of pediatric keratoconus},
  author={Zhao, Sharon H and Berkowitz, Carla and Ralay Ranaivo, Hantamalala and Laurenti, Kelly and Bohnsack, Brenda L and Basti, Surendra and Rossen, Jennifer L},
  journal={BMC ophthalmology},
  volume={24},
  number={1},
  pages={463},
  year={2024},
  publisher={Springer}
}

@article{awwad2025thickness,
  title={Thickness Speed Progression Index: Machine Learning Approach for Keratoconus Detection},
  author={Awwad, Shady T and Hammoud, Bassel and Assaf, Jad F and Asroui, Lara and Randleman, James Bradley and Roberts, Cynthia J and Koch, Douglas D and Kaisania, Jawad and Mehanna, Carl-Joe and Elbassuoni, Shadi},
  journal={American Journal of Ophthalmology},
  volume={271},
  pages={188--201},
  year={2025},
  publisher={Elsevier}
}

@article{thalasselis1988keratoconus,
  title={Keratoconus, magnesium deficiency, type A behavior, and allergy},
  author={THALASSELIS, ANFITRITIS and TAIE, HERN{\'A}N FARES and ETCHEPAREBORDA, JORGE and SELIM, ALFREDO},
  journal={Optometry and Vision Science},
  volume={65},
  number={6},
  pages={499--505},
  year={1988},
  publisher={LWW}
}

@article{althomali2018prevalence,
  title={Prevalence of keratoconus among patients seeking laser vision correction in Taif area of Saudi Arabia},
  author={Althomali, Talal A and Al-Qurashi, Ibraheem M and Al-Thagafi, Saleh M and Mohammed, Afra and Almalki, Mohammed},
  journal={Saudi Journal of Ophthalmology},
  volume={32},
  number={2},
  pages={114--118},
  year={2018},
  publisher={Elsevier}
}

@article{rabinowitz1998keratoconus,
  title={Keratoconus},
  author={Rabinowitz, Yaron S},
  journal={Survey of ophthalmology},
  volume={42},
  number={4},
  pages={297--319},
  year={1998},
  publisher={Elsevier}
}

@article{godefrooij2017age,
  title={Age-specific incidence and prevalence of keratoconus: a nationwide registration study},
  author={Godefrooij, Daniel A and De Wit, G Ardine and Uiterwaal, Cuno S and Imhof, Saskia M and Wisse, Robert PL},
  journal={American journal of ophthalmology},
  volume={175},
  pages={169--172},
  year={2017},
  publisher={Elsevier}
}

@article{pussetto2011alta,
  title={Alta prevalencia de pacientes con queratocono en la poblaci{\'o}n de la ciudad de Paran{\'a}, Entre R{\'\i}os},
  author={Pussetto, Ana Paula and Rossi, Marcos Luciano and Ciani, Jos{\'e} Luis and Magurno, Mauricio Gabriel},
  journal={Oftalmol Clin Exp},
  volume={4},
  number={4},
  year={2011}
}

@mastersthesis{mansfield2017queratocono,
  title={El queratocono en pacientes de una instituci{\'o}n privada de la ciudad de Quito, Ecuador en el per{\'\i}odo de Enero de 2015 a octubre de 2016},
  author={Mansfield Rojas, Nicole},
  type={{B.S.} thesis},
  year={2017},
  school={Quito: Universidad de las Am{\'e}ricas, 2017}
}

@article{ramos2018prevalencia,
  title={Prevalencia y Factores Asociados al Queratocono en Pacientes Atendidos en el Hospital Regional Honorio Delgado, Arequipa, 2014-2017.},
  author={Ramos Almir{\'o}n, V{\'\i}ctor Antonio},
  year={2018},
  publisher={Universidad Cat{\'o}lica de Santa Mar{\'\i}a}
}

@article{samaniego2023prevalencia,
  title={Prevalencia y factores asociados al queratocono en pacientes entre los 10 a 30 a{\~n}os de edad atendidos en el Centro de Salud Integral la Fuente, Cusco-Per{\'u} durante el a{\~n}o 2019},
  author={Samaniego Mojica, Alfredo Carlos},
  year={2023}
}

@book{lawson2018bayesian,
  title={Bayesian disease mapping: hierarchical modeling in spatial epidemiology},
  author={Lawson, Andrew B},
  year={2018},
  publisher={Chapman and Hall/CRC}
}

@book{Gelman_2013, title={Bayesian Data Analysis}, ISBN={9780429113079}, url={http://dx.doi.org/10.1201/b16018}, DOI={10.1201/b16018}, publisher={Chapman and Hall/CRC}, author={Gelman, Andrew and Carlin, John B. and Stern, Hal S. and Dunson, David B. and Vehtari, Aki and Rubin, Donald B.}, year={2013}, month=nov }

@article{fouarge2021hierarchical,
  title={Hierarchical Bayesian modelling of disease progression to inform clinical trial design in centronuclear myopathy},
  author={Fouarge, Eve and Monseur, Arnaud and Boulanger, Bruno and Annoussamy, M{\'e}lanie and Seferian, Andreea M and De Lucia, Silvana and Lilien, Charlotte and Thielemans, Leen and Paradis, Khazal and Cowling, Belinda S and others},
  journal={Orphanet Journal of Rare Diseases},
  volume={16},
  pages={1--11},
  year={2021},
  publisher={Springer}
}

@article{ferez2017redes,
  title={Redes Bayesianas aplicadas a la Medicina},
  author={F{\'e}rez Rubio, Jose Antonio},
  year={2017},
  publisher={Universitat Oberta de Catalunya}
}

@phdthesis{waddell2023applying,
  title={Applying Bayesian-networks to model multi-organ pathologies},
  author={Waddell, Thomas H},
  year={2023},
  school={University of Oxford}
}

@article{lopezmodelamiento,
  title={Modelamiento bayesiano espacial multivariado para datos de {\'a}reas},
  author={Lopez Esquivel, Miguel Angel},
  year={2023},
  publisher={Pontificia Universidad Cat{\'o}lica del Per{\'u}}
}

@book{koski2011bayesian,
  title={Bayesian networks: an introduction},
  author={Koski, Timo and Noble, John},
  year={2011},
  publisher={John Wiley \& Sons}
}
