%%%%%%%%%%%%%%%%%%%%%%%%%%%%%%%%%%VARIABLES%%%%%%%%%%%%%%%%%%%%%%%%%%%%%
%%%%%%%%%%%%%%%%%%%%%%%%%%%%%%%%%%BIBLIOGRAPHY%%%%%%%%%%%%%%%%%%%%%%%%%%

@misc{ugr_latinos,
  author       = "{Universidad de Granada, Área de Bioestadística}",
  title        = "{Capítulo 7: Diseños en cuadrados latinos}",
  howpublished = "\url{https://wpd.ugr.es/~bioestad/wp-content/uploads/Latinos.pdf}",
  note         = "{Material docente, Guía de R}",
  year         = {s.f.}
}

@article{verstappen2004block,
  title={Block design allowed for control of the Hawthorne effect in a randomized controlled trial of test ordering},
  author={Verstappen, Wim HJM and van der Weijden, Trudy and ter Riet, Gerben and Grimshaw, Jeremy and Winkens, Ron and Grol, Richard PTM},
  journal={Journal of Clinical Epidemiology},
  volume={57},
  number={11},
  pages={1119--1123},
  year={2004},
  publisher={Elsevier}
}

@article{guera2025mejor,
  title={Mejor rendimiento y rentabilidad de ma{\'\i}z en el tr{\'o}pico h{\'u}medo mediante camas permanentes, residuos de cultivos y rotaci{\'o}n con frijoles},
  author={Guera, Ouorou Ganni Mariel and Villa Alc{\'a}ntara, Jonatan and Nu{\~n}ez, Omar and Verhulst, Nele and Fonteyne, Simon},
  year={2025},
  publisher={Universidad Autonoma de Yucatan}
}

@article{cutti2022influencia,
  title={Influencia del jugo concentrado de ayrampo (Berberis flexuosa) en el helado de leche sobre su aceptabilidad general y capacidad antioxidante},
  author={Cutti Cutti, Betty},
  year={2022},
  publisher={Universidad Nacional de Huancavelica}
}

@article{balbi2010calidad,
  title={Calidad de Ma{\'\i}z Colorado Flint para Industria Cervecera en Corrientes, Argentina},
  author={Balbi, Celsa N and Valentinuz, Oscar R and Prause, Juan},
  journal={Informaci{\'o}n tecnol{\'o}gica},
  volume={21},
  number={3},
  pages={141--148},
  year={2010},
  publisher={SciELO Chile}
}

@article{soto2023persea,
  title={Persea caerulea: una alternativa para la regeneraci{\'o}n de heridas.},
  author={Soto, Juan Carlos Rodr{\'\i}guez and Ruiz, Juan Roger Rodr{\'\i}guez and Qui{\~n}ones, Marisol Contreras and Cerna, Claudio Eduardo Qui{\~n}ones and Chang, William Benjam{\'\i}n Ruiz and Reyes, Roxana Elizabeth Ram{\'\i}rez and Salvatierra, Alvaro David Rodr{\'\i}guez},
  journal={Medicina naturista},
  volume={17},
  number={1},
  pages={10--15},
  year={2023},
  publisher={Sociedad Europea de Medicina Naturista Clasica (secci{\'o}n espa{\~n}ola)}
}

@book{stewart2016calculus,
  title={Calculus: early transcendentals 8th edition},
  author={Stewart, James},
  year={2016},
  publisher={Cengage Learning}
}

@book{haeussler2003matematicas,
  title={Matem{\'a}ticas para administraci{\'o}n y econom{\'\i}a},
  author={Haeussler, Ernest F and Paul, Richard S},
  year={2003},
  publisher={Pearson educaci{\'o}n}
}

@book{rincon2014introduccion,
  title={Introducci{\'o}n a la probabilidad},
  author={Rinc{\'o}n, Luis},
  year={2014},
  publisher={Universidad Nacional Aut{\'o}noma de M{\'e}xico, Facultad de Ciencias}
}

@book{mankiw2007principios,
  title={Principios de econom{\'\i}a},
  author={Mankiw, N Gregory and Rabasco, Esther},
  year={2007},
  publisher={Ediciones Paraninfo, SA}
}

@book{Khuri_2002, title={Advanced Calculus with Applications in Statistics}, ISBN={9780471394884}, ISSN={1940-6347}, url={http://dx.doi.org/10.1002/0471394882}, DOI={10.1002/0471394882}, journal={Wiley Series in Probability and Statistics}, publisher={Wiley}, author={Khuri, André I.}, year={2002}, month=nov }

@book{hines1988probabilidad,
  title={Probabilidad y estad{\'\i}stica para ingenier{\'\i}a y administraci{\'o}n},
  author={Hines, William W and Montgomery, Douglas CI},
  year={1988},
  publisher={Continental}
}

@book{Boyd_2004, title={Convex Optimization}, ISBN={9780511804441}, url={http://dx.doi.org/10.1017/cbo9780511804441}, DOI={10.1017/cbo9780511804441}, publisher={Cambridge University Press}, author={Boyd, Stephen and Vandenberghe, Lieven}, year={2004}, month=mar }

@book{toomey2000inventory,
  title={Inventory management: principles, concepts and techniques},
  author={Toomey, John W},
  volume={12},
  year={2000},
  publisher={Springer Science \& Business Media}
}

@article{cardenascalculo,
  title={C{\'a}lculo diferencial de varias variables},
  author={C{\'a}rdenas, Javier P{\'a}ez},
  year={2017},
  publisher={Facultad de Ciencias, UNAM}
}

@article{prawda2000metodos,
  title={M{\'e}todos y modelos de investigaci{\'o}n de operaciones},
  author={Prawda Witenberg, Juan},
  year={2000},
  publisher={M{\'e}xico Limusa}
}

@book{render2006metodos,
  title={M{\'e}todos cuantitativos para los negocios},
  author={Render, Barry and Stair, Ralph M and Hanna, Michael E and others},
  year={2006},
  publisher={Pearson Educaci{\'o}n}
}

@misc{hillier2003introduccion,
  title={Introducci{\'o}n a la Investigaci{\'o}n de Operaciones, 5{\textordfeminine}. Edici{\'o}n, {McGrawHill}},
  author={Hillier, FS and Lieberman, GJ},
  year={2003},
  publisher={Interamericana de M{\'e}xico, SA de CV, M{\'e}xico}
}

@article{taha2012investigacion,
  title={Investigaci{\'o}n de operaciones. Novena edici{\'o}n Pearson educaci{\'o}n},
  author={Taha, H},
  journal={Mexico, p824},
  year={2012}
}

@article{Flores_Tapia_2023, 
title={Optimización de inventarios aplicando Investigación de Operaciones}, volume={12}, ISSN={2007-5278}, url={http://dx.doi.org/10.36677/recai.v12i34.19628}, DOI={10.36677/recai.v12i34.19628}, number={34}, journal={RECAI Revista de Estudios en Contaduría, Administración e Informática}, publisher={Universidad Autonoma del Estado de Mexico}, author={Flores Tapia, Carlos Ernesto and Flores Cevallos, Karla Lissette}, year={2023}, month=may, pages={1} }

@article{Yanque_Vara_2023, title={Analysis of inventories through a statistical forecast model in a company Peruvian}, volume={26}, ISSN={2617-3735}, url={http://dx.doi.org/10.17268/sciendo.2023.028}, DOI={10.17268/sciendo.2023.028}, number={2}, journal={SCIÉNDO}, publisher={Universidad Nacional de Trujillo}, author={Yanque Vara, David and Rodríguez Meza, Mari Carmen and Vásquez Campos, Salomón Axel}, year={2023}, month=jun, pages={191–197} }

@mastersthesis{loja2015propuesta,
  title={Propuesta de un sistema de gesti{\'o}n de inventarios para la empresa {FEMARPE} {C}{{\'I}}{A}. {LTDA}.},
  author={Loja Guarango, Jessica Carolina},
  type={{B.S.} thesis},
  year={2015}
}

@book{magalon2016gerencia,
  title={Gerencia hospitalaria para una administraci{\'o}n efectiva},
  author={Magalon Londo{\~n}o, Gustavo and Ponton Laverde, Gabriel and Reynales Londo{\~n}o, Jairo},
  year={2016},
  publisher={Editorial M{\'e}dica Panamericana}
}

@article{gallardo2016propuesta,
  title={Propuesta de mejora para la gesti{\'o}n de inventarios de sociedad repuestos {E}spa{\~n}a limitada},
  author={Gallardo, AA and Andr{\'e}s, Alex},
  journal={Puerto Montt, Chile: Universidad Austral de Chile.},
  year={2016}
}

@thesis{bello2009aplicacion,
  title={Aplicaci{\'o}n de un modelo de inventario probabil{\'\i}stico en la empresa {I}ndustria del {C}art{\'o}n {SA}},
  author={Bello, Franz Manuel BAZ{\'A}N},
  year={2009},
  note={Tesis de pregrado, Universidad Nacional Mayor de San Marcos}
}

@article{caballero2007control,
  title={Control de inventario para una empresa de capacitaci{\'o}n en el {\'a}rea de salud},
  author={Caballero Rodriguez, Victor Hugo},
  year={2007},
  school={Universidad Nacional Mayor de San Marcos}
}

@thesis{koper2017analisis,
  title={\emph{An{\'a}lisis del inventario de almac{\'e}n en la distribuidora {V}alle {S}ur {S.A.} - 2017; mediante el programa de inventario de almac{\'e}n {INVAL}}},
  author={Aguilar Huillcahuaman, Koper},
  year={2017},
  note={Tesis de pregrado, Universidad Nacional de San Antonio Abad del Cusco}
}

@article{zhang2004integrated,
  title={An integrated inventory model for supply chain management},
  author={Zhang, Xiaoliang},
  year={2004},
  publisher={University of Bedfordshire}
}

@misc{mehmeti2021stochastic,
  title={Stochastic Inventory Management},
  author={Mehmeti, Ardit},
  year={2021}
}


@article{bernuy2022discvisual,
  title={Discapacidad visual en el Perú y su posible asociación con determinantes sociales de la salud},
  author={Bernuy Barrera, F{\'e}lix Alberto},
  journal={Revista Peruana de Oftalmología Perú},
  year={2022}
}

@article{esteban2018modelos,
  title={Modelos de teor{\'\i}a de colas},
  author={Esteban Vel{\'a}zquez, Gabriel},
  year={2018}
}

@phdthesis{flores2009teoria,
  title={Teor{\'\i}a de colas y su aplicaci{\'o}n al sistema bancario},
  author={Flores Garc{\'\i}a, Carlos Luis and Linares Alvarenga, Carolina Lissette and Bonilla Iraheta, Juan Miguel},
  year={2009},
  school={Universidad de El Salvador}
}

@phdthesis{torres2009simulacion,
  title={Simulaci{\'o}n de un sistema de colas en la atenci{\'o}n primaria de pacientes del" Hospital de Emergencias Generales},
  author={TORRES, Roc{\'\i}o G{\'O}MEZ},
  year={2009},
  school={Universidad Nacional Mayor de San Marcos}
}

@article{rojas2004decision,
  title={Modelos de decisión en teoría de colas y sus aplicaciones},
  author={Rojas Contreras, Nilton Cesar and Mamani Torres, Alfredo Crisologo},
  year={2004},
  school={Universidad Nacional de San Antonio Abad del Cusco}
}

@article{mayorga2017teoria,
  title={Teor{\'\i}a de colas y su aplicaci{\'o}n al estudio del tiempo de atenci{\'o}n de pacientes en el {\'a}rea de admisi{\'o}n del Hospital Regional del Cusco 2015},
  author={Mayorga Challco, Julio and Mamani Mayta, Charles Jhon},
  year={2017},
  publisher={Universidad Nacional de San Antonio Abad del Cusco}
}

@article{hines1996probabilidad,
  title={Probabilidad y estad{\'\i}stica para ingenier{\'\i}a y administraci{\'o}n. 2a edici{\'o}n en espa{\~n}ol},
  author={Hines, WW and Montgomery, DC},
  journal={Continental. M{\'e}xico},
  year={1996}
}

@misc{solutions2018machine,
  title={Machine Learning, una pieza clave en la transformaci{\'o}n de los modelos de negocio},
  author={Solutions, Manament},
  year={2018},
  publisher={Espa{\~n}a: Management Solution}
}

@article{hernandez2004introduccion,
  title={Introducci{\'o}n a la Miner{\'\i}a de Datos},
  author={Hern{\'a}ndez, Jos{\'e} and Ferri, C and Ram{\'\i}rez, MJ},
  year={2004},
  publisher={Pearson Educaci{\'o}n SA}
}

@article{rojas2020ausentismo,
  title={Ausentismo laboral: Una realidad preocupante en Per{\'u} y Sudam{\'e}rica},
  author={Rojas-Pimentel, Jenny and Izaguirre-Torres, Delia},
  journal={Sciendo},
  volume={23},
  number={1},
  pages={71--77},
  year={2020}
}

@phdthesis{hannoun2011satisfaccion,
  title={Satisfacci{\'o}n laboral},
  author={Hannoun, Georgina},
  year={2011},
  school={Universidad Nacional de Cuyo. Facultad de Ciencias Econ{\'o}micas}
}

@misc{gutierrez2015desercion,
  title={La deserci{\'o}n laboral y sus repercusiones},
  author={Guti{\'e}rrez, Isis},
  year={2015},
  publisher={E-Consulta. M{\'e}xico.(Documento en l{\'\i}nea). Recuperado el}
}

@phdthesis{robles2003clasificacion,
  title={Clasificaci{\'o}n supervisada basada en redes bayesianas. Aplicaci{\'o}n en biolog{\'\i}a computacional},
  author={Robles Forcada, V{\'\i}ctor},
  year={2003},
  school={Informatica}
}

@article{alarcon2015optimizacion,
  title={Optimizaci{\'o}n del clasificador “naive bayes” usando {\'a}rbol de decisi{\'o}n C4. 5},
  author={Alarc{\'o}n Jaimes, Carlos},
  year={2015},
  publisher={Universidad Nacional Mayor de San Marcos}
}

@article{cordova2018aplicacion,
  title={Aplicaci{\'o}n de miner{\'\i}a de datos para pronosticar el riesgo de morosidad de los estudiantes de la Universidad Aut{\'o}noma del Per{\'u}},
  author={Cordova Valdivia, Alenster Yonel and Torres Jurado, Karen Ivett},
  year={2018},
  publisher={Universidad Aut{\'o}noma del Per{\'u}}
}

@misc{hernandez2020metodologia,
  title={Metodolog{\'\i}a de la investigaci{\'o}n: las rutas cuantitativa, cualitativa y mixta},
  author={Hern{\'a}ndez-Sampieri, Roberto and Mendoza, Christian},
  year={2020},
  publisher={Mcgraw-hill M{\'e}xico}
}

@article{caceres2010propuesta,
  title={Propuesta de un modelo de gesti{\'o}n de inventarios que permita mejorar la planeaci{\'o}n y la distribuci{\'o}n de las medicinas a las farmacias de un hospital},
  author={C{\'a}ceres, Rom{\'a}n and del Pilar, Gabriela},
  year={2010}
}

% ---------------------------------------------------------------------
