@article{grana2015image,
	title={Image understanding applications of lattice autoassociative memories},
	author={Grana, Manuel and Chyzhyk, Darya},
	journal={IEEE Transactions on Neural Networks and Learning Systems},
	volume={27},
	number={9},
	pages={1920--1932},
	year={2015},
	publisher={IEEE}
}

